@article{easter:2020,
  author    = {Brandee Easter},
  title     = {Fully Human, Fully Machine: Rhetorics of Digital Disembodiment in Programming},
  journal   = {Rhetoric Review},
  volume    = {39},
  number    = {2},
  pages     = {202-215},
  year      = {2020},
  publisher = {Routledge},
  doi       = {10.1080/07350198.2020.1727096},
  url       = {https://doi.org/10.1080/07350198.2020.1727096},
  eprint    = {https://doi.org/10.1080/07350198.2020.1727096}
}


